<?xml version="1.0" encoding="UTF-8"?><record xmlns="http://www.loc.gov/MARC21/slim" xmlns:cinclude="http://apache.org/cocoon/include/1.0" xmlns:zs="http://www.loc.gov/zing/srw/">
  <leader>00439cz  a2200121n  4500</leader>
  <controlfield tag="001">n  90614888 </controlfield>
  <controlfield tag="003">DLC</controlfield>
  <controlfield tag="005">19900309092143.1</controlfield>
  <controlfield tag="008">900227n| acannaab|          |n ana |||  </controlfield>
  <datafield tag="010" ind1=" " ind2=" ">
    <subfield code="a">n  90614888 </subfield>
  </datafield>
  <datafield tag="040" ind1=" " ind2=" ">
    <subfield code="a">DLC</subfield>
    <subfield code="c">DLC</subfield>
    <subfield code="d">DLC</subfield>
  </datafield>
  <datafield tag="110" ind1="2" ind2="0">
    <subfield code="a">National Center for Policy Analysis (U.S.).</subfield>
    <subfield code="b">Center for Texas Studies</subfield>
  </datafield>
  <datafield tag="670" ind1=" " ind2=" ">
    <subfield code="a">Reynolds, M.O. How much government does Texas need? c1989:</subfield>
    <subfield code="b">t.p. (National Center for Policy Analysis, Center for Texas Studies)</subfield>
  </datafield>
</record>